@article{Benews11,
   author = "Wolfgang Hofle",
   title = "LHC Transverse Damper from Commissioning to Routine",
   journal = "Beams Department newsletter",
   volume = "1",
   year = "2011",
   pages = "6-7",
   note = "\url{https://espace.cern.ch/be-dep/BEDepartmentalDocuments/BE/BE_Newsletter/BE_Newsletter_001.pdf}",
}

@techreport{Zhabitsky:1141925,
      author       = "Zhabitsky, V M and Gorbachev, E V and Lebedev, N I and
                      Makarov, A A and Pilyar, N V and Rabtsun, S V and Smolkov, R
                      A and Baudrenghien, P and Hofle, Wolfgang and Killing, F
                      and Kojevnikov, I and Kotzian, G and Louwerse, R and
                      Montesinos, E and Rossi, V and Schokker, M and Thepenier, E
                      and Valuch, D",
      title        = "LHC Transverse Feedback System: First Results of
                      Commissionning. oai:cds.cern.ch:1141925",
      institution  = "CERN",
      address      = "Geneva",
      number       = "LHC-PROJECT-Report-1165. CERN-LHC-PROJECT-Report-1165",
      month        = "Sep",
      year         = "2008",
}

@misc{BphMeas07,
   author = "Daniel Valuch",
   title = "Beam phase measurement and transverse position measurement module for the LHC",
   year = "2007",
   note = "Poster from the Low Level RF workshop 2007. 
      Available \url{"https://edms.cern.ch/document/929563/1}",
}

@article{Baudrenghien:1124094,
      author       = "Baudrenghien, P and Hofle, Wolfgang and Kotzian, G and
                      Rossi, V",
      title        = "Digital Signal Processing for the Multi-Bunch LHC
                      Transverse Feedback System. oai:cds.cern.ch:1124094",
      number       = "LHC-PROJECT-Report-1151. CERN-LHC-PROJECT-Report-1151",
      pages        = "4",
      month        = "Sep",
      year         = "2008",
}

@techreport{Vendramini:702728,
      author       = "Vendramini, V",
      title        = "Traitement du signal numérique pour le système de contre
                      réaction transverse utilisant un seul pick-up avec
                      application dans le SPS et dans le LHC.",
      institution  = "CERN",
      address      = "Geneva",
      number       = "SL-Note-2002-046-HRF",
      month        = "Dec",
      year         = "2002",
}

@conference{HofleChamonix12,
   author = "Wolfgang Hofle",
   title = "Transverse Damper",
   booktitle = "Chamonix 2012 proceedings",
   year = "2012",
   note = "\url{https://indico.cern.ch/}",
}

@conference{HofleEvian11,
   author = "Wolfgang Hofle",
   title = "Transverse feedback : high intensity operation, abort gap cleaning, 
            injection gap cleaning and lessons for 2012",
   booktitle = "Evian 2011 proceedings",
   year = "2011",
   note = "\url{https://indico.cern.ch/}",
}

@conference{HofleEvian10,
   author = "Wolfgang Hofle",
   title = "LHC transverse damper observations versus expectations",
   booktitle = "Evian 2010 proceedings",
   year = "2010",
   note = "\url{https://espace.cern.ch/acc-tec-sector/Evian/Papers-Dec2010/3.3_WH.pdf}",
}

@techreport{Boccardi:1156349,
      author       = "Boccardi, A and Gasior, M and Jones, R and Karlsson, P and
                      Steinhagen, RJ",
      title        = "First Results from the LHC BBQ Tune and Chromaticity
                      Systems",
      institution  = "CERN",
      address      = "Geneva",
      number       = "LHC-Performance-Note-007. CERN-LHC-Performance-Note-007",
      month        = "Jan",
      year         = "2009",
}

